@inproceedings{Tendermint,
  title={{Tendermint: Consensus without Mining}},
  author={Kwon, Jae},
  booktitle={},
  pages={},
  year={2014},
  organization={Cornell University}
}

@article{Casper,
  title={{Casper the Friendly Finality Gadget}},
  author={Buterin, Vitalik and Griffith, Virgil},
  year={2017},
  journal={arXiv preprint arXiv:1710.09437}
}

@inproceedings{SIGGRAPH,
  title={{SIGGRAPH Spotlight: Episode 30 – Tim Sweeney and the Metaverse}},
  author={SIGGRAPH Conferences},
  booktitle={},
  pages={},
  year={2019},
  organization={ACM SIGGRAPH}
}

@inproceedings{Cosmos,
  title={{Cosmos: A Network of Distributed Ledgers}},
  author={Kwon, Jae and Buchman, Ethan},
  booktitle={},
  pages={},
  year={2016},
  organization={Tendermint}
}

@inproceedings{RGB,
  title={{RGB Blackpaper}},
  author={Orlovsky, Maxim and Todd, Peter and Zucco, Giacomo and Tenga, Federico and Ukolova, Olga},
  booktitle={},
  pages={},
  year={2023},
  organization={}
}

@inproceedings{Rollup,
  title={{An Incomplete Guide to Rollups}},
  author={Buterin, Vitalik},
  booktitle={},
  pages={},
  year={2021},
  organization={}
}

@inproceedings{LoFi,
      author = {Martin Kleppmann and Adam Wiggins and Peter van Hardenberg and Mark McGranaghan},
      title = {{Local-first software: You own your data, in spite of the cloud}},
      booktitle = {},
      organization = {Ink & Switch},
      year = {2019}
}

@inproceedings{CRDT,
  title={{Conflict-free Replicated Data Types}},
  author={Shapiro, Marc and Preguiça, Nuno and Baquero, Carlos and Zawirski, Marek},
  booktitle={},
  pages={},
  year={2011},
  organization={}
}

@article{Lseq,
  title={{LSEQ: an Adaptive Structure for Sequences in Distributed Collaborative Editing}},
  author={Nédelec, Brice and Molli, Pascal and Mostefaoui, Achour and Desmontils, Emmanuel},
  journal={13th ACM Symposium on Document Engineering (DocEng)},
  pages={37--46},
  year={2013},
}

@article{RGA,
  title={{Replicated abstract data types: Building blocks for collaborative applications}},
  author={Roh, Hyun-Gul and Jeon, Myeongjae and Kim, Jin-Soo and Lee, Joonwon},
  journal={Journal of Parallel and Distributed Computing, Volume 71, Issue 3},
  pages={354--368},
  year={2011},
}

@inproceedings{YATA,
  title={{Near Real-Time Peer-to-Peer Shared Editing on Extensible Data Types}},
  author={Nicolaescu, Petru and Jahns, Kevin and Derntl, Michael and Klamma, Ralf},
  booktitle={Proceedings of the 2016 ACM International Conference on Supporting Group Work},
  pages={39--49},
  year={2016},
}

@article{Fugue,
  title={{The Art of the Fugue: Minimizing Interleaving in Collaborative Text Editing}},
  author={Weidner, Matthew and Kleppmann, Martin},
  journal={arXiv preprint arXiv:2305.00583},
  year={2023},
}

@article{XML-CRDT,
  title={{Scalable XML Collaborative Editing with Undo short paper}},
  author={Martin, Stéphane and Urso, Pascal and Weiss, Stéphane},
  journal={arXiv preprint arXiv:1010.3615},
  year={2010},
}

@article{JSON-CRDT,
  title={{A Conflict-Free Replicated JSON Datatype}},
  author={Kleppmann, Martin and R. Beresford, Alastair},
  journal={arXiv preprint arXiv:1608.03960},
  year={2016},
}

@article{Farcaster,
  title={{Specification of the Farcaster Protocol}},
  author={Farcaster},
  journal={},
  year={2023},
}

@article{BEC,
  title={{Byzantine Eventual Consistency and the Fundamental Limits of Peer-to-Peer Databases}},
  author={Kleppmann, Martin and Howard, Heidi},
  journal={arXiv preprint arXiv:2012.00472},
  year={2020},
}

@inproceedings{BFT-CRDT,
  title={{Making CRDTs Byzantine fault tolerant}},
  author={Kleppmann, Martin},
  booktitle={Proceedings of the 9th Workshop on Principles and Practice of Consistency for Distributed Data},
  pages={8--15},
  year={2022},
}

@article{Merkle-CRDTs,
  title={{Merkle-CRDTs: Merkle-DAGs meet CRDTs}},
  author={Sanjuán, Héctor and Pöyhtäri, Samuli and Teixeira, Pedro and Psaras, Ioannis},
  journal={arXiv preprint arXiv:2004.00107},
  year={2020},
}

@article{Blocklace,
  title={{The Blocklace: A Universal, Byzantine Fault-Tolerant, Conflict-free Replicated Data Type}},
  author={Sérgio Almeida, Paulo and Shapiro, Ehud},
  journal={arXiv preprint arXiv:2402.08068},
  year={2024},
}

@INPROCEEDINGS{Bounded-CRDT,
  author={Balegas, Valter and Serra, Diogo and Duarte, Sérgio and Ferreira, Carla and Shapiro, Marc and Rodrigues, Rodrigo and Preguiça, Nuno},
  booktitle={2015 IEEE 34th Symposium on Reliable Distributed Systems (SRDS)}, 
  title={{Extending Eventually Consistent Cloud Databases for Enforcing Numeric Invariants}}, 
  year={2015},
  volume={},
  number={},
  pages={31-36},
  keywords={Radiation detectors;Middleware;Distributed databases;Fault tolerance;Fault tolerant systems;Prototypes;Distributed Systems;Geo-Replication;Key-Value Databases;Eventual Consistency},
  doi={10.1109/SRDS.2015.32}}

@article{IPA,
author = {Balegas, Valter and Duarte, S\'{e}rgio and Ferreira, Carla and Rodrigues, Rodrigo and Pregui\c{c}a, Nuno},
title = {{IPA: Invariant-preserving Applications for Weakly-consistent Replicated Databases}},
year = {2018},
issue_date = {December 2018},
publisher = {VLDB Endowment},
volume = {12},
number = {4},
issn = {2150-8097},
url = {https://doi.org/10.14778/3297753.3297760},
doi = {10.14778/3297753.3297760},
journal = {Proc. VLDB Endow.},
month = {dec},
pages = {404–418},
numpages = {15}
}

@inproceedings{Jakobsen,
  title={Advanced character physics},
  author={Jakobsen, Thomas},
  booktitle={Game developers conference},
  volume={3},
  pages={383--401},
  year={2001},
  organization={IO Interactive, Copenhagen Denmark}
}

@article{Guendelman,
  title={Nonconvex rigid bodies with stacking},
  author={Guendelman, Eran and Bridson, Robert and Fedkiw, Ronald},
  journal={ACM transactions on graphics (TOG)},
  volume={22},
  number={3},
  pages={871--878},
  year={2003},
  publisher={ACM New York, NY, USA}
}

@article{LCP,
  title={Non-penetrating rigid body simulation},
  author={Baraff, David},
  journal={State of the art reports},
  year={1993}
}

@inproceedings{Box2D,
  title={Iterative dynamics with temporal coherence},
  author={Catto, Erin},
  booktitle={Game developer conference},
  volume={2},
  number={5},
  year={2005}
}

@article{PRIBLT,
  title={{Practical Rateless Set Reconciliation}},
  author={Yang, Lei and Gilad, Yossi and Alizadeh, Mohammad},
  journal={arXiv preprint arXiv:2402.02668},
  year={2024},
}

@article{HAT,
author = {Bailis, Peter and Davidson, Aaron and Fekete, Alan and Ghodsi, Ali and Hellerstein, Joseph M. and Stoica, Ion},
title = {Highly available transactions: virtues and limitations},
year = {2013},
issue_date = {November 2013},
publisher = {VLDB Endowment},
volume = {7},
number = {3},
issn = {2150-8097},
url = {https://doi.org/10.14778/2732232.2732237},
doi = {10.14778/2732232.2732237},
journal = {Proc. VLDB Endow.},
month = {nov},
pages = {181–192},
numpages = {12}
}

@article{IPFS,
  title={{IPFS - Content Addressed, Versioned, P2P File System}},
  author={Benet, Juan},
  journal={arXiv preprint arXiv:1407.3561},
  year={2014},
}

@article{TLC,
  title={{Threshold Logical Clocks for Asynchronous Distributed Coordination and Consensus}},
  author={Ford, Bryan},
  journal={arXiv preprint arXiv:1907.07010},
  year={2019},
}

@article{PO-CRDT,
  title={{Pure Operation-Based Replicated Data Types}},
  author={Baquero, Carlos and Sergio Almeida, Paulo and Shoker, Ali},
  journal={arXiv preprint arXiv:1710.04469},
  year={2017},
}

@article{Tusk,
  title={{Narwhal and Tusk: A DAG-based Mempool and Efficient BFT Consensus}},
  author={Danezis, George and Kokoris-Kogias, Lefteris and Sonnino, Alberto and Spiegelman, Alexander},
  journal={arXiv preprint arXiv:2105.11827},
  year={2021},
}

@article{Bullshark,
  title={{Bullshark: DAG BFT Protocols Made Practical}},
  author={Spiegelman, Alexander and Giridharan, Neil and Sonnino, Alberto and Kokoris-Kogias, Lefteris},
  journal={arXiv preprint arXiv:2201.05677},
  year={2022},
}

@inproceedings{Recursive-SNARK,
author = {Bitansky, Nir and Canetti, Ran and Chiesa, Alessandro and Tromer, Eran},
title = {Recursive composition and bootstrapping for SNARKS and proof-carrying data},
year = {2013},
isbn = {9781450320290},
publisher = {Association for Computing Machinery},
address = {New York, NY, USA},
url = {https://doi.org/10.1145/2488608.2488623},
doi = {10.1145/2488608.2488623},
booktitle = {Proceedings of the Forty-Fifth Annual ACM Symposium on Theory of Computing},
pages = {111–120},
numpages = {10},
keywords = {succinct arguments, snargs, delegation of computation},
location = {Palo Alto, California, USA},
series = {STOC '13}
}

@misc{Cairo,
      author = {Lior Goldberg and Shahar Papini and Michael Riabzev},
      title = {{Cairo – a Turing-complete {STARK}-friendly {CPU} architecture}},
      howpublished = {Cryptology ePrint Archive, Paper 2021/1063},
      year = {2021}
}

@misc{RISC0,
      author = {Jeremy Bruestle and Paul Gafni and the RISC Zero Team},
      title = {{RISC Zero zkVM: Scalable, Transparent Arguments of RISC-V Integrity}},
      howpublished = {},
      year = {2023}
}

@misc{Valida,
      author = {Valida},
      title = {{Valida: A STARK-based VM focused on code reuse, performance, and modularity}},
      howpublished = {Github repository},
      year = {2023}
}

@article{LBAC,
      author = {Ravi S. Sandhu},
      title = {{Lattice-Based Access Control Models}},
      journal = {Computer, 26(11)},
      pages={9--19},
      year = {1993}
}

@article{RBAC,
      author = {Ravi S. Sandhu and Edward J. Coyne and Hal L. Feinstein and Charles E. Youman},
      title = {{Role-Based Access Control Models}},
      journal = {Computer, 29(2)},
      pages={38--47},
      year = {1996}
}

@inproceedings{Matrix,
      author = {Jacob, Florian and Becker, Luca and Grash\"{o}fer, Jan and Hartenstein, Hannes},
      title = {Matrix Decomposition: Analysis of an Access Control Approach on Transaction-based DAGs without Finality},
      year = {2020},
      booktitle = {Proceedings of the 25th ACM Symposium on Access Control Models and Technologies},
      pages = {81–92}
}
